<?xml version="1.0" encoding="UTF-8"?><record xmlns="http://www.loc.gov/MARC21/slim" xmlns:cinclude="http://apache.org/cocoon/include/1.0" xmlns:zs="http://www.loc.gov/zing/srw/">
  <leader>01598cz  a2200325n  4500</leader>
  <controlfield tag="001">n  94102242 </controlfield>
  <controlfield tag="003">DLC</controlfield>
  <controlfield tag="005">20130910073609.0</controlfield>
  <controlfield tag="008">941024n| azannaabn          |a aaa      </controlfield>
  <datafield tag="010" ind1=" " ind2=" ">
    <subfield code="a">n  94102242 </subfield>
  </datafield>
  <datafield tag="035" ind1=" " ind2=" ">
    <subfield code="a">(OCoLC)oca03715273</subfield>
  </datafield>
  <datafield tag="040" ind1=" " ind2=" ">
    <subfield code="a">DLC</subfield>
    <subfield code="b">eng</subfield>
    <subfield code="e">rda</subfield>
    <subfield code="c">DLC</subfield>
    <subfield code="d">OCoLC</subfield>
    <subfield code="d">UkCU</subfield>
    <subfield code="d">DLC</subfield>
    <subfield code="d">CU</subfield>
    <subfield code="d">DLC</subfield>
    <subfield code="d">IEN</subfield>
  </datafield>
  <datafield tag="053" ind1=" " ind2="0">
    <subfield code="a">PQ9469.2.R543</subfield>
  </datafield>
  <datafield tag="100" ind1="1" ind2=" ">
    <subfield code="a">Rodríguez Baixeras, Xavier,</subfield>
    <subfield code="d">1945-</subfield>
  </datafield>
  <datafield tag="370" ind1=" " ind2=" ">
    <subfield code="a">Tarragona, Spain</subfield>
  </datafield>
  <datafield tag="372" ind1=" " ind2=" ">
    <subfield code="a">Galician literature</subfield>
    <subfield code="2">lcsh</subfield>
  </datafield>
  <datafield tag="374" ind1=" " ind2=" ">
    <subfield code="a">Authors</subfield>
    <subfield code="2">lcsh</subfield>
  </datafield>
  <datafield tag="375" ind1=" " ind2=" ">
    <subfield code="a">male</subfield>
  </datafield>
  <datafield tag="377" ind1=" " ind2=" ">
    <subfield code="a">glg</subfield>
  </datafield>
  <datafield tag="400" ind1="1" ind2=" ">
    <subfield code="a">Baixeras, Xavier Rodríguez,</subfield>
    <subfield code="d">1945-</subfield>
  </datafield>
  <datafield tag="400" ind1="1" ind2=" ">
    <subfield code="a">Rodríguez Baixeras, Xabier,</subfield>
    <subfield code="d">1945-</subfield>
  </datafield>
  <datafield tag="400" ind1="1" ind2=" ">
    <subfield code="a">Baixeras, Xabier R,</subfield>
    <subfield code="d">1945-</subfield>
  </datafield>
  <datafield tag="670" ind1=" " ind2=" ">
    <subfield code="a">A ilusión da esperanza, 1991?:</subfield>
    <subfield code="b">t.p. (Baixeras) p. 229 (Xavier Rodríguez Baixeras; Catalan native of Tarragona who writes in Gallegan) p. 233 (poet)</subfield>
  </datafield>
  <datafield tag="670" ind1=" " ind2=" ">
    <subfield code="a">LC database, 10-31-94</subfield>
    <subfield code="b">(MLC hdg.: Rodríguez Baixeras, Xavier, 1947-)</subfield>
  </datafield>
  <datafield tag="670" ind1=" " ind2=" ">
    <subfield code="a">Fentos no mar, 1981:</subfield>
    <subfield code="b">t.p. (Xavier Rodríguez Baixeras) p. 13 (Xavier R. Baixeras)</subfield>
  </datafield>
  <datafield tag="670" ind1=" " ind2=" ">
    <subfield code="a">Dicc. de escritores en lingua galega, 1990</subfield>
    <subfield code="b">(Rodríguez Baixeras, Xavier; b. Tarragona, 1945; lives Vigo; poet, translator, writer of philological works)</subfield>
  </datafield>
  <datafield tag="670" ind1=" " ind2=" ">
    <subfield code="a">Beira norte, c1997:</subfield>
    <subfield code="b">p. 4 of cover (b. 1945, Tarragona)</subfield>
  </datafield>
  <datafield tag="670" ind1=" " ind2=" ">
    <subfield code="a">Galicia, 2002:</subfield>
    <subfield code="b">t.p. (Xavier Rodríguez Baixeras) contents p. (Xabier Rodríguez Baixeras)</subfield>
  </datafield>
  <datafield tag="670" ind1=" " ind2=" ">
    <subfield code="a">Fuxida e martirio de San Andreu Milà, 1992:</subfield>
    <subfield code="b">t.p. (Xabier R. Baixeras)</subfield>
  </datafield>
  <datafield tag="675" ind1=" " ind2=" ">
    <subfield code="a">Dicc. bio. español contemporáneo, c1970;</subfield>
    <subfield code="a">Ind. bio de España, Portugal e Iberoamérica, 1990;</subfield>
    <subfield code="a">Enc. univ. ilus., c1983.</subfield>
  </datafield>
</record>